@article{baszenski-1997-fast-polynomial,
  title = {Fast polynomial multiplication and convolutions related to the discrete cosine transform},
  author = {Baszenski, G{\"u}nter and Tasche, Manfred},
  year = {1997},
  journal = {Linear Algebra Appl.},
  volume = {252},
  number = {1},
  pages = {1--25},
  doi = {10.1016/0024-3795(95)00696-6}
}

@book{boucheron-2013-concentration-inequalities,
  title = {Concentration {{Inequalities}}: {{A Nonasymptotic Theory}} of {{Independence}}},
  author = {Boucheron, St{\'e}phane and Lugosi, G{\'a}bor and Massart, Pascal},
  year = {2013},
  publisher = {Oxford University Press},
  doi = {10.1093/acprof:oso/9780199535255.003.0002}
}

@inproceedings{braverman-2022-sublinear-time,
  title = {Sublinear time spectral density estimation},
  booktitle = {Proc. 54th {{Ann}}. {{ACM SIGACT}}},
  author = {Braverman, Vladimir and Krishnan, Aditya and Musco, Christopher},
  year = {2022},
  series = {{{SOTC}} '22},
  pages = {1144--1157},
  doi = {10.1145/3519935.3520009}
}

@article{chen-2005-condition-numbers,
  title = {Condition numbers of {{Gaussian}} random matrices},
  author = {Chen, Zizhong and Dongarra, Jack J.},
  year = {2005},
  journal = {SIAM J. Matrix Anal. Appl.},
  volume = {27},
  number = {3},
  pages = {603--620},
  publisher = {{Society for Industrial and Applied Mathematics}},
  doi = {10.1137/040616413}
}

@inproceedings{chen-2021-analysis-stochastic,
  title = {Analysis of stochastic {{Lanczos}} quadrature for spectrum approximation},
  booktitle = {Proc. 38th {{Int}}. {{Conf}}. {{Mach}}. {{Learn}}.},
  author = {Chen, Tyler and Trogdon, Thomas and Ubaru, Shashanka},
  year = {2021},
  pages = {1728--1739},
  publisher = {PMLR}
}

@article{chen-2023-krylovaware-stochastic,
  title = {Krylov-aware stochastic trace estimation},
  author = {Chen, Tyler and Hallman, Eric},
  year = {2023},
  journal = {SIAM J. Matrix Anal. Appl.},
  volume = {44},
  number = {3},
  pages = {1218--1244},
  publisher = {{Society for Industrial and Applied Mathematics}},
  doi = {10.1137/22M1494257}
}

@misc{cohen-2016-optimal-approximate,
  title = {Optimal approximate matrix product in terms of stable rank},
  author = {Cohen, Michael B. and Nelson, Jelani and Woodruff, David P.},
  year = {2016},
  number = {arXiv:1507.02268},
  publisher = {arXiv},
  doi = {10.48550/arXiv.1507.02268}
}

@inproceedings{cohen-steiner-2018-approximating-spectrum,
  title = {Approximating the spectrum of a graph},
  booktitle = {Proc. 24th {{ACM SIGKDD}}},
  author = {{Cohen-Steiner}, David and Kong, Weihao and Sohler, Christian and Valiant, Gregory},
  year = {2018},
  series = {{{KDD}} '18},
  pages = {1263--1271},
  doi = {10.1145/3219819.3220119}
}

@article{cortinovis-2022-randomized-trace,
  title = {On randomized trace estimates for indefinite matrices with an application to determinants},
  author = {Cortinovis, Alice and Kressner, Daniel},
  year = {2022},
  journal = {Found. Comput. Math.},
  volume = {22},
  number = {3},
  pages = {875--903},
  doi = {10.1007/s10208-021-09525-9}
}

@inproceedings{dharangutte-2024-dynamic-trace,
  title = {Dynamic trace estimation},
  booktitle = {Proc. 35th {{Int}}. {{Conf}}. {{Neural Inf}}. {{Process}}. {{Syst}}.},
  author = {Dharangutte, Prathamesh and Musco, Christopher},
  year = {2024},
  series = {{{NIPS}} '21},
  pages = {30088--30099},
  publisher = {Curran Associates Inc.},
  address = {Red Hook, NY, USA}
}

@article{drabold-1993-maximum-entropy,
  title = {Maximum entropy approach for linear scaling in the electronic structure problem},
  author = {Drabold, David A. and Sankey, Otto F.},
  year = {1993},
  journal = {Phys. Rev. Lett.},
  volume = {70},
  number = {23},
  pages = {3631--3634},
  publisher = {American Physical Society},
  doi = {10.1103/PhysRevLett.70.3631}
}

@article{ducastelle-1970-moments-developments,
  title = {Moments developments and their application to the electronic charge distribution of d bands},
  author = {Ducastelle, Fran{\c c}ois and {Cyrot-Lackmann}, Fran{\c c}oise},
  year = {1970},
  journal = {J. Phys. Chem. Solids},
  volume = {31},
  number = {6},
  pages = {1295--1306},
  doi = {10.1016/0022-3697(70)90134-4}
}

@article{edelman-1988-eigenvalues-condition,
  title = {Eigenvalues and condition numbers of random matrices},
  author = {Edelman, Alan},
  year = {1988},
  journal = {SIAM J. Matrix Anal. Appl.},
  volume = {9},
  number = {4},
  pages = {543--560},
  publisher = {{Society for Industrial and Applied Mathematics}},
  doi = {10.1137/0609045}
}

@article{epperly-2022-theory-quantum,
  title = {A theory of quantum subspace diagonalization},
  author = {Epperly, Ethan N. and Lin, Lin and Nakatsukasa, Yuji},
  year = {2022},
  journal = {SIAM J. Matrix Anal. Appl.},
  volume = {43},
  number = {3},
  pages = {1263--1290},
  publisher = {{Society for Industrial and Applied Mathematics}},
  doi = {10.1137/21M145954X}
}

@article{epperly-2024-xtrace-making,
  title = {{{XTrace}}: making the most of every sample in stochastic trace estimation},
  author = {Epperly, Ethan N. and Tropp, Joel A. and Webber, Robert J.},
  year = {2024},
  journal = {SIAM J. Matrix Anal. Appl.},
  volume = {45},
  number = {1},
  pages = {1--23},
  publisher = {{Society for Industrial and Applied Mathematics}},
  doi = {10.1137/23M1548323}
}

@article{fejer-1916-uber-trigonometrische,
  title = {{\"U}ber trigonometrische {{Polynome}}},
  author = {Fej{\'e}r, Leopold},
  year = {1916},
  journal = {J. Reine Angew. Math.},
  volume = {146},
  pages = {53--82}
}

@article{frangella-2023-randomized-nystrom,
  title = {Randomized {{Nystr{\"o}m}} preconditioning},
  author = {Frangella, Zachary and Tropp, Joel A. and Udell, Madeleine},
  year = {2023},
  journal = {SIAM J. Matrix Anal. Appl.},
  volume = {44},
  number = {2},
  pages = {718--752},
  doi = {10.1137/21M1466244}
}

@article{gambhir-2017-deflation-method,
  title = {Deflation as a method of variance reduction for estimating the trace of a matrix {{Inverse}}},
  author = {Gambhir, Arjun Singh and Stathopoulos, Andreas and Orginos, Kostas},
  year = {2017},
  journal = {SIAM J. Sci. Comput.},
  volume = {39},
  number = {2},
  pages = {A532-A558},
  publisher = {{Society for Industrial and Applied Mathematics}},
  doi = {10.1137/16M1066361}
}

@inproceedings{ghorbani-2019-investigation-neural,
  title = {An investigation into neural net optimization via {{Hessian}} eigenvalue density},
  booktitle = {Proc. 36th {{Int}}. {{Conf}}. {{Mach}}. {{Learn}}.},
  author = {Ghorbani, Behrooz and Krishnan, Shankar and Xiao, Ying},
  year = {2019},
  series = {{{PMLR}}},
  pages = {2232--2241}
}

@article{girard-1989-fast-montecarlo,
  title = {A fast `{{Monte-Carlo}} cross-validation' procedure for large least squares problems with noisy data},
  author = {Girard, Didier A.},
  year = {1989},
  journal = {Numer. Math.},
  volume = {56},
  number = {1},
  pages = {1--23},
  doi = {10.1007/BF01395775}
}

@misc{gittens-2011-spectral-norm,
  title = {The spectral norm error of the naive {{Nystrom}} extension},
  author = {Gittens, Alex},
  year = {2011},
  number = {arXiv:1110.5305},
  publisher = {arXiv},
  doi = {10.48550/arXiv.1110.5305}
}

@inproceedings{gittens-2013-revisiting-nystrom,
  title = {Revisiting the {{Nystrom}} method for improved large-scale machine learning},
  booktitle = {Proc. 30th {{Int}}. {{Conf}}. {{Mach}}. {{Learn}}.},
  author = {Gittens, Alex and Mahoney, Michael},
  year = {2013},
  pages = {567--575},
  publisher = {PMLR}
}

@book{hardy-1952-inequalities,
  title = {Inequalities},
  author = {Hardy, Godfrey Harold and Littlewood, John Edensor and P{\'o}lya, George},
  year = {1952},
  publisher = {Cambridge University Press}
}

@article{haydock-1972-electronic-structure,
  title = {Electronic structure based on the local atomic environment for tight-binding bands},
  author = {Haydock, Roger and Heine, Volker and Kelly, Michael J.},
  year = {1972},
  journal = {J. Phys. C: Solid State Phys.},
  volume = {5},
  number = {20},
  pages = {2845},
  doi = {10.1088/0022-3719/5/20/004}
}

@book{hogg-2013-introduction-mathematical,
  title = {Introduction to mathematical statistics},
  author = {Hogg, Robert V. and McKean, Joseph W. and Craig, Allen T.},
  year = {2013},
  publisher = {Pearson Education India}
}

@inproceedings{huang-2021-density-states,
  title = {Density of states graph kernels},
  booktitle = {Proc. 2021 {{SIAM Int}}. {{Conf}}. {{Data Min}}.},
  author = {Huang, Leo and Graven, Andrew J. and Bindel, David},
  year = {2021},
  pages = {289--297},
  publisher = {SIAM},
  doi = {10.1137/1.9781611976700.33}
}

@article{hutchinson-1990-stochastic-estimator,
  title = {A stochastic estimator of the trace of the influence matrix for laplacian smoothing splines},
  author = {Hutchinson, Michael F.},
  year = {1990},
  journal = {Comm. Statist. Simulation Comput.},
  volume = {19},
  number = {2},
  pages = {433--450},
  publisher = {Taylor \& Francis},
  doi = {10.1080/03610919008812866}
}

@article{jackson-1912-approximation-trigonometric,
  title = {On approximation by trigonometric sums and polynomials},
  author = {Jackson, Dunham},
  year = {1912},
  journal = {Trans. Amer. Math. Soc.},
  volume = {13},
  number = {4},
  pages = {491--515},
  publisher = {American Mathematical Society},
  doi = {10.2307/1988583}
}

@article{james-1964-distributions-matrix,
  title = {Distributions of matrix variates and latent roots derived from normal samples},
  author = {James, Alan T.},
  year = {1964},
  journal = {Ann. Math. Statist.},
  volume = {35},
  number = {2},
  pages = {475--501},
  publisher = {Institute of Mathematical Statistics},
  doi = {10.1214/aoms/1177703550}
}

@article{kershaw-1983-extensions-gautschi,
  title = {Some extensions of {{W}}. {{Gautschi}}'s {{Inequalities}} for the gamma function},
  author = {Kershaw, David},
  year = {1983},
  journal = {Math. Comp.},
  volume = {41},
  number = {164},
  pages = {607--611},
  publisher = {American Mathematical Society},
  doi = {10.2307/2007697}
}

@article{kressner-2024-randomized-lowrank,
  title = {Randomized low-rank approximation of parameter-dependent matrices},
  author = {Kressner, Daniel and Lam, Hei Yin},
  year = {2024},
  journal = {Numer. Linear Algebra Appl.},
  pages = {e2576},
  doi = {10.1002/nla.2576}
}

@article{laforgia-1984-further-inequalities,
  title = {Further {{Inequalities}} for the gamma function},
  author = {Laforgia, Andrea},
  year = {1984},
  journal = {Math. Comp.},
  volume = {42},
  number = {166},
  pages = {597--600},
  publisher = {American Mathematical Society},
  doi = {10.2307/2007604}
}

@article{lin-2016-approximating-spectral,
  title = {Approximating spectral densities of large matrices},
  author = {Lin, Lin and Saad, Yousef and Yang, Chao},
  year = {2016},
  journal = {SIAM Rev.},
  volume = {58},
  number = {1},
  pages = {34--65},
  doi = {10.1137/130934283}
}

@article{lin-2017-randomized-estimation,
  title = {Randomized estimation of spectral densities of large matrices made accurate},
  author = {Lin, Lin},
  year = {2017},
  journal = {Numer. Math.},
  volume = {136},
  number = {1},
  pages = {183--213},
  doi = {10.1007/s00211-016-0837-7}
}

@inproceedings{meyer-2021-hutch-optimal,
  title = {Hutch++: optimal stochastic trace estimation},
  booktitle = {Proc. 2021 {{Symp}}. {{Simpl}}. {{Algorithms}}},
  author = {Meyer, Raphael A. and Musco, Cameron and Musco, Christopher and Woodruff, David P.},
  year = {2021},
  series = {{{SOSA}} '21},
  pages = {142--155},
  publisher = {SIAM},
  doi = {10.1137/1.9781611976496.16}
}

@article{nakatsukasa-2023-randomized-lowrank,
  title = {Randomized low-rank approximation for symmetric indefinite matrices},
  author = {Nakatsukasa, Yuji and Park, Taejun},
  year = {2023},
  journal = {SIAM J. Matrix Anal. Appl.},
  volume = {44},
  number = {3},
  pages = {1370--1392},
  publisher = {{Society for Industrial and Applied Mathematics}},
  doi = {10.1137/22M1538648}
}

@misc{park-2024-lowrank-approximation,
  title = {Low-rank approximation of parameter-dependent matrices via {{CUR}} decomposition},
  author = {Park, Taejun and Nakatsukasa, Yuji},
  year = {2024},
  number = {arXiv:2408.05595},
  publisher = {arXiv},
  doi = {10.48550/arXiv.2408.05595}
}

@article{pearlmutter-1994-fast-exact,
  title = {Fast exact multiplication by the {{Hessian}}},
  author = {Pearlmutter, Barak A.},
  year = {1994},
  journal = {Neural Comput.},
  volume = {6},
  number = {1},
  pages = {147--160},
  doi = {10.1162/neco.1994.6.1.147}
}

@article{persson-2022-improved-variants,
  title = {Improved variants of the {{Hutch}}++ algorithm for trace estimation},
  author = {Persson, David and Cortinovis, Alice and Kressner, Daniel},
  year = {2022},
  journal = {SIAM J. Matrix Anal. Appl.},
  volume = {43},
  number = {3},
  pages = {1162--1185},
  publisher = {{Society for Industrial and Applied Mathematics}},
  doi = {10.1137/21M1447623}
}

@article{persson-2023-randomized-lowrank,
  title = {Randomized low-rank approximation of monotone matrix functions},
  author = {Persson, David and Kressner, Daniel},
  year = {2023},
  journal = {SIAM J. Matrix Anal. Appl.},
  volume = {44},
  number = {2},
  pages = {894--918},
  publisher = {{Society for Industrial and Applied Mathematics}},
  doi = {10.1137/22M1523923}
}

@article{robbins-1955-remark-stirling,
  title = {A remark on {{Stirling}}'s formula},
  author = {Robbins, Herbert},
  year = {1955},
  journal = {Amer. Math. Monthly},
  volume = {62},
  number = {1},
  pages = {26--29},
  publisher = {Mathematical Association of America},
  doi = {10.2307/2308012}
}

@article{rudelson-2013-hansonwright-inequality,
  title = {Hanson-{{Wright}} inequality and sub-gaussian concentration},
  author = {Rudelson, Mark and Vershynin, Roman},
  year = {2013},
  journal = {Electron. Commun. Probab.},
  volume = {18},
  number = {none},
  pages = {1--9},
  publisher = {{Institute of Mathematical Statistics and Bernoulli Society}},
  doi = {10.1214/ECP.v18-2865}
}

@article{saibaba-2017-randomized-matrixfree,
  title = {Randomized matrix-free trace and log-determinant estimators},
  author = {Saibaba, Arvind K. and Alexanderian, Alen and Ipsen, Ilse C. F.},
  year = {2017},
  journal = {Numer. Math.},
  volume = {137},
  number = {2},
  pages = {353--395},
  doi = {10.1007/s00211-017-0880-z}
}

@article{trefethen-2008-gauss-quadrature,
  title = {Is {{Gauss}} quadrature better than {{Clenshaw}}--{{Curtis}}?},
  author = {Trefethen, Lloyd N.},
  year = {2008},
  journal = {SIAM Rev.},
  volume = {50},
  number = {1},
  pages = {67--87},
  publisher = {{Society for Industrial and Applied Mathematics}},
  doi = {10.1137/060659831}
}

@misc{tropp-2023-randomized-algorithms,
  title = {Randomized algorithms for low-rank matrix approximation: design, analysis, and applications},
  author = {Tropp, Joel A. and Webber, Robert J.},
  year = {2023},
  number = {arXiv:2306.12418},
  publisher = {arXiv},
  doi = {10.48550/arXiv.2306.12418}
}

@book{vershynin-2018-highdimensional-probability,
  title = {High-dimensional probability: an {{Introduction}} with applications in data science},
  author = {Vershynin, Roman},
  year = {2018},
  series = {Camb. {{Ser}}. {{Stat}}. {{Probab}}. {{Math}}.},
  publisher = {Cambridge University Press},
  doi = {10.1017/9781108231596.010}
}

@book{wainwright-2019-highdimensional-statistics,
  title = {High-dimensional statistics: a non-asymptotic viewpoint},
  author = {Wainwright, Martin J.},
  year = {2019},
  series = {Cambridge {{Series}} in {{Statistical}} and {{Probabilistic Mathematics}}},
  publisher = {Cambridge University Press},
  address = {Cambridge},
  doi = {10.1017/9781108627771}
}

@article{weisse-2006-kernel-polynomial,
  title = {The kernel polynomial method},
  author = {Wei{\ss}e, Alexander and Wellein, Gerhard and Alvermann, Andreas and Fehske, Holger},
  year = {2006},
  journal = {Rev. Mod. Phys.},
  volume = {78},
  number = {1},
  pages = {275--306},
  publisher = {American Physical Society},
  doi = {10.1103/RevModPhys.78.275}
}

@inproceedings{woodruff-2024-optimal-query,
  title = {Optimal query complexities for dynamic trace estimation},
  booktitle = {Proc. 36th {{Int}}. {{Conf}}. {{Neural Inf}}. {{Process}}. {{Syst}}.},
  author = {Woodruff, David P. and Zhang, Fred and Zhang, Qiuyi (Richard)},
  year = {2024},
  series = {{{NIPS}} '22},
  pages = {35049--35060},
  publisher = {Curran Associates Inc.}
}

@inproceedings{yao-2020-pyhessian-neural,
  title = {{{PyHessian}}: neural networks through the lens of the {{Hessian}}},
  booktitle = {Proc. 2020 {{IEEE Int}}. {{Conf}}. {{Big Data}}},
  author = {Yao, Zhewei and Gholami, Amir and Keutzer, Kurt and Mahoney, Michael W.},
  year = {2020},
  pages = {581--590},
  publisher = {IEEE Computer Society},
  doi = {10.1109/BigData50022.2020.9378171}
}

@article{zhou-2011-bounding-spectrum,
  title = {Bounding the spectrum of large {{Hermitian}} matrices},
  author = {Zhou, Yunkai and Li, Ren-Cang},
  year = {2011},
  journal = {Linear Algebra Appl.},
  volume = {435},
  number = {3},
  pages = {480--493},
  doi = {10.1016/j.laa.2010.06.034}
}
